% Encoding: UTF-8

@Electronic{sp800-145,
  author       = {Peter Mell and Timothy Grance},
  year         = {2011},
  title        = {The NIST Definition of Cloud Computing},
  url          = {https://doi.org/10.6028/NIST.SP.800-145},
}

@Electronic{sp800-190,
  author       = {Murugiah Souppaya and John Morello and Karen Scarfone},
  year         = {2017},
  title        = {The NIST Definition of Cloud Computing},
  url          = {https://doi.org/10.6028/NIST.SP.800-190},
}

@Comment{jabref-meta: databaseType:bibtex;}
